<record><leader>00000cas a22000007a 4500</leader><controlfield tag="001">12799499</controlfield><controlfield tag="008">851115d18911978utuwr ne      0    0eng d</controlfield><datafield ind1=" " ind2=" " tag="010"><subfield code="a">sn 85058287 </subfield></datafield><datafield ind1=" " ind2=" " tag="040"><subfield code="a">UNP</subfield><subfield code="b">eng</subfield><subfield code="c">UNP</subfield><subfield code="d">DLC</subfield><subfield code="d">UNP</subfield><subfield code="d">NJW</subfield><subfield code="d">UBY</subfield><subfield code="d">OCLCF</subfield><subfield code="d">OCLCO</subfield></datafield><datafield ind1="1" ind2=" " tag="029"><subfield code="a">AU@</subfield><subfield code="b">000025806573</subfield></datafield><datafield ind1=" " ind2=" " tag="042"><subfield code="a">msc</subfield></datafield><datafield ind1="0" ind2="0" tag="050"><subfield code="a">Newspaper 9936</subfield></datafield><datafield ind1="0" ind2=" " tag="130"><subfield code="a">Ephraim enterprise (Ephraim, Utah : 1891)</subfield></datafield><datafield ind1="0" ind2="4" tag="245"><subfield code="a">The Ephraim enterprise.</subfield></datafield><datafield ind1=" " ind2=" " tag="260"><subfield code="a">Ephraim, Utah :</subfield><subfield code="b">Murray &amp; Goddard,</subfield><subfield code="c">1891-1978.</subfield></datafield><datafield ind1=" " ind2=" " tag="300"><subfield code="a">87 v. :</subfield><subfield code="b">ill. ;</subfield><subfield code="c">55-61 cm.</subfield></datafield><datafield ind1=" " ind2=" " tag="310"><subfield code="a">Weekly</subfield></datafield><datafield ind1="0" ind2=" " tag="362"><subfield code="a">Vol. 1, no. 1 (Sept. 16, 1891)-v. 87, no. 10 (Nov. 30, 1978).</subfield></datafield><datafield ind1=" " ind2=" " tag="515"><subfield code="a">Issues for Jan. 7-Feb. 18, 1921 misdated 1920.</subfield></datafield><datafield ind1=" " ind2=" " tag="525"><subfield code="a">Supplements accompany some issues.</subfield></datafield><datafield ind1=" " ind2=" " tag="525"><subfield code="a">Utah farm, ranch, and garden supplement issued each Spring, &lt;1960-1965&gt;, &lt;1972-1976&gt;.</subfield></datafield><datafield ind1=" " ind2=" " tag="580"><subfield code="a">Published in Manti, Utah at the office of: Manti messenger (Manti, Utah : 1897), for distribution in Ephraim, Utah, &lt;1975-1978&gt;.</subfield></datafield><datafield ind1=" " ind2="0" tag="651"><subfield code="a">Ephraim (Utah)</subfield><subfield code="v">Newspapers.</subfield></datafield><datafield ind1=" " ind2="7" tag="655"><subfield code="a">Newspapers.</subfield><subfield code="2">fast</subfield><subfield code="0">(OCoLC)fst01423814</subfield></datafield><datafield ind1=" " ind2="7" tag="651"><subfield code="a">Utah</subfield><subfield code="z">Ephraim.</subfield><subfield code="2">fast</subfield><subfield code="0">(OCoLC)fst01231495</subfield></datafield><datafield ind1=" " ind2=" " tag="752"><subfield code="a">United States</subfield><subfield code="b">Utah</subfield><subfield code="c">Sanpete</subfield><subfield code="d">Ephraim.</subfield></datafield><datafield ind1=" " ind2=" " tag="752"><subfield code="a">United States</subfield><subfield code="b">Utah</subfield><subfield code="c">Sanpete</subfield><subfield code="d">Manti.</subfield></datafield><datafield ind1="0" ind2="0" tag="785"><subfield code="t">Enterprise (Ephraim, Utah)</subfield><subfield code="w">(DLC)sn 85058288</subfield><subfield code="w">(OCoLC)12799506</subfield></datafield><datafield ind1="1" ind2=" " tag="787"><subfield code="t">Manti messenger (Manti, Utah : 1897)</subfield><subfield code="w">(DLC)sn 85058336</subfield><subfield code="w">(OCoLC)12799571</subfield></datafield></record>